<?xml version="1.0" encoding="utf-8"?>
<record xmlns="http://www.loc.gov/MARC21/slim" xmlns:xsi="http://www.w3.org/2001/XMLSchema-instance" xsi:schemaLocation="http://www.loc.gov/MARC21/slim http://www.loc.gov/standards/marcxml/schema/MARC21slim.xsd">
	<leader>     nam a22     Mi 4500</leader>
	<controlfield tag="001">b12410032</controlfield>
	<controlfield tag="003">UaCaAUL</controlfield>
	<controlfield tag="006">m        d        </controlfield>
	<controlfield tag="007">cr cn |||m|||a</controlfield>
	<controlfield tag="008">200122s1953    ua a    obm   000 0 ara d</controlfield>
	<datafield ind1=" " ind2=" " tag="040">
		<subfield code="a">ZYU</subfield>
		<subfield code="b">ara</subfield>
		<subfield code="e">rda</subfield>
		<subfield code="c">ZYU</subfield>
	</datafield>
	<datafield ind1=" " ind2="4" tag="050">
		<subfield code="a">HB180.A7</subfield>
		<subfield code="b">A67 1953</subfield>
	</datafield>
	<datafield ind1="1" ind2=" " tag="100">
		<subfield code="6">880-01</subfield>
		<subfield code="a">ʻAbd al-Malik, Albirt ʻAsham.</subfield>
	</datafield>
	<datafield ind1="1" ind2="3" tag="245">
		<subfield code="6">880-02</subfield>
		<subfield code="a">al-Tafāwut fī al-dukhūl /</subfield>
		<subfield code="c">taʼlīf al-Duktūr Albirt ʻAsham ʻAbd al-Malik duktūr fī al-ḥuqūq min Jāmiʻat Fuʼād al-Awwal, ḥāʼiz diblūm al-dirāsāt al-ʻulyā fī al-iqtiṣād al-siyāsī w-al-ʻulūm al-mālīyah wa-diblūm al-dirāsāt al-ʻulyā fī al-qānūn al-ʻām wa-diblūm maʻhad al-ḍarāʼib, ʻuḍū Jamʻīyat Fuʼād al-Awwal lil-Iqtiṣād al-Sīyāsī wa-al-Iḥṣāʼ wa-al-tashrīʻ, ʻuḍū al-Jamʻīyah al-Miṣrīyah lil-Qānūn al-Duwalī.</subfield>
	</datafield>
	<datafield ind1=" " ind2="1" tag="264">
		<subfield code="6">880-03</subfield>
		<subfield code="a">[Cairo] :</subfield>
		<subfield code="b">Dār al-Fikr al-ʻArabī,</subfield>
		<subfield code="c">1953.</subfield>
	</datafield>
	<datafield ind1=" " ind2=" " tag="300">
		<subfield code="a">online resource (522 pages)</subfield>
	</datafield>
	<datafield ind1=" " ind2=" " tag="336">
		<subfield code="a">text</subfield>
		<subfield code="2">rdacontent</subfield>
	</datafield>
	<datafield ind1=" " ind2=" " tag="337">
		<subfield code="a">computer</subfield>
		<subfield code="2">rdamedia</subfield>
	</datafield>
	<datafield ind1=" " ind2=" " tag="338">
		<subfield code="a">online resource</subfield>
		<subfield code="2">rdacarrier</subfield>
	</datafield>
	<datafield ind1=" " ind2=" " tag="500">
		<subfield code="a">Part of the Arabic Collections Online (ACO) project, contributed by American University in Cairo Library.</subfield>
	</datafield>
	<datafield ind1=" " ind2=" " tag="504">
		<subfield code="a">Includes bibliographical references (pages 493-509).</subfield>
	</datafield>
	<datafield ind1=" " ind2=" " tag="502">
		<subfield code="b">Ph. D.</subfield>
		<subfield code="c">Kullīyat al-Ḥuqūq, Jāmiʻat Fuʼād al-Awwal</subfield>
	</datafield>
	<datafield ind1=" " ind2=" " tag="533">
		<subfield code="a">Electronic reproduction.</subfield>
		<subfield code="b">New York, N.Y. :</subfield>
		<subfield code="c">New York University,</subfield>
		<subfield code="d">2020.</subfield>
		<subfield code="5">NNU</subfield>
	</datafield>
	<datafield ind1=" " ind2="0" tag="650">
		<subfield code="a">Economics.</subfield>
	</datafield>
	<datafield ind1=" " ind2="0" tag="650">
		<subfield code="a">Equality.</subfield>
	</datafield>
	<datafield ind1=" " ind2="7" tag="650">
		<subfield code="a">Economics.</subfield>
		<subfield code="2">fast</subfield>
		<subfield code="0">(OCoLC)fst00902116</subfield>
	</datafield>
	<datafield ind1=" " ind2="7" tag="650">
		<subfield code="a">Equality.</subfield>
		<subfield code="2">fast</subfield>
		<subfield code="0">(OCoLC)fst00914456</subfield>
	</datafield>
	<datafield ind1=" " ind2="7" tag="655">
		<subfield code="a">Academic theses.</subfield>
		<subfield code="2">fast</subfield>
		<subfield code="0">(OCoLC)fst01726453</subfield>
	</datafield>
	<datafield ind1=" " ind2="7" tag="655">
		<subfield code="a">Academic theses.</subfield>
		<subfield code="2">lcgft</subfield>
	</datafield>
	<datafield ind1="2" ind2=" " tag="710">
		<subfield code="a">American University in Cairo.</subfield>
		<subfield code="b">Library.</subfield>
	</datafield>
	<datafield ind1="0" ind2=" " tag="730">
		<subfield code="a">Arabic Collections Online.</subfield>
	</datafield>
	<datafield ind1="0" ind2="8" tag="776">
		<subfield code="i">Print version:</subfield>
		<subfield code="a">ʻAbd al-Malik, Albirt ʻAsham.</subfield>
		<subfield code="t">al-Tafāwut fī al-dukhūl</subfield>
		<subfield code="w">(UaCaAUL)b12410032</subfield>
		<subfield code="w">(OCoLC)122725349</subfield>
	</datafield>
	<datafield ind1="4" ind2="0" tag="856">
		<subfield code="u">http://hdl.handle.net/2333.1/p2ngfbdx</subfield>
	</datafield>
	<datafield ind1="1" ind2=" " tag="880">
		<subfield code="6">100-01</subfield>
		<subfield code="a">عبد الملك، البرت عشم.</subfield>
	</datafield>
	<datafield ind1="1" ind2="2" tag="880">
		<subfield code="6">245-02</subfield>
		<subfield code="a">التفاوت في الدخول /</subfield>
		<subfield code="c">تأليف الدكتور البرت عشم عبد الملك دكتور في الحقوق من جامعة فؤاد الأول، حائز دبلوم الدراسات العليا في الاقتصاد السياسي والعلوم المالية ودبلوم الدراسات العليا في القانون العام ودبلوم معهد الضرائب، عضو جمعية فؤاد الاول للاقتصاد السياسي والإحصاء والتشريع، عضو الجمعية المصرية للقانون الدولي.</subfield>
	</datafield>
	<datafield ind1=" " ind2="1" tag="880">
		<subfield code="6">264-03</subfield>
		<subfield code="a">[Cairo] ؛</subfield>
		<subfield code="b">دار الفكر العربى،</subfield>
		<subfield code="c">.1953.</subfield>
	</datafield>
	<datafield ind1=" " ind2=" " tag="959">
		<subfield code="a">NNU</subfield>
		<subfield code="b">WEB</subfield>
		<subfield code="c">GENI</subfield>
		<subfield code="t">0</subfield>
		<subfield code="m">Electronic access</subfield>
		<subfield code="s">01</subfield>
	</datafield>
	<datafield ind1=" " ind2=" " tag="999">
		<subfield code="i">UaCaAUL_b12410032</subfield>
		<subfield code="o">(OCoLC)ocn122725349</subfield>
		<subfield code="s">auc_aco000633</subfield>
	</datafield>
</record>
